<?xml version="1.0" encoding="UTF-8"?><collection xmlns="http://www.loc.gov/MARC21/slim"><record><leader>00669nam--2200241-u-4500</leader><controlfield tag="001">000051961</controlfield><controlfield tag="002">20161230</controlfield><controlfield tag="005">20161230201049</controlfield><controlfield tag="008">090512s1000------------r-----000-0-eng-d</controlfield><datafield ind1=" " ind2=" " tag="020"><subfield code="a">9780444898463</subfield></datafield><datafield ind1=" " ind2=" " tag="040"><subfield code="a">IFIN-HH</subfield></datafield><datafield ind1=" " ind2=" " tag="080"><subfield code="a">535.6</subfield></datafield><datafield ind1="1" ind2="0" tag="100"><subfield code="a">Nassau, Kurt</subfield></datafield><datafield ind1="1" ind2="0" tag="245"><subfield code="a">Color for Science, Art and Technology</subfield><subfield code="c">Edited by Kurt Nassau</subfield></datafield><datafield ind1=" " ind2=" " tag="260"><subfield code="a">Amsterdam</subfield><subfield code="b">Elsevier</subfield><subfield code="c">1998</subfield></datafield><datafield ind1=" " ind2=" " tag="300"><subfield code="a">491 p</subfield></datafield><datafield ind1=" " ind2=" " tag="490"><subfield code="a">AZimuth</subfield><subfield code="v">vol. 1</subfield></datafield><datafield ind1=" " ind2="4" tag="650"><subfield code="a">Color</subfield></datafield><datafield ind1="1" ind2=" " tag="700"><subfield code="a">Nassau, Kurt</subfield></datafield><datafield ind1=" " ind2=" " tag="830"><subfield code="a">AZimulth (Amsterdam, Netherlands)</subfield><subfield code="v">vol. 1</subfield></datafield><datafield ind1=" " ind2=" " tag="852"><subfield code="a">82123</subfield></datafield><datafield ind1=" " ind2=" " tag="856"><subfield code="a">http://www.sciencedirect.com/science/bookseries/13876783</subfield></datafield><datafield ind1=" " ind2=" " tag="CAT"><subfield code="a">Sys</subfield><subfield code="c">20090512</subfield><subfield code="h">133412</subfield></datafield></record></collection>